% This file was created with JabRef 2.8.1.
% Encoding: Cp1252

@BOOK{andrienko2006exploratory,
  title = {{Exploratory Analysis of Spatial and Temporal Data}},
  publisher = {Springer Berlin, Germany},
  year = {2006},
  author = {Andrienko, Natalia and Andrienko, Gennady}
}

@INCOLLECTION{Azar98OLB,
  author = {Y. Azar},
  title = {{On-Line Load Balancing}},
  booktitle = {{Online Algorithms: The State of the Art}},
  publisher = {Springer},
  year = {1998},
  editor = {Amos Fiat and Gergard J. Woeginger},
  pages = {178-195}
}

@ARTICLE{Bell61ACL,
  author = {Bellman, Richard},
  title = {{On the Approximation of Curves by Line Segments using Dynamic Programming}},
  journal = {Commun. ACM},
  year = {1961},
  volume = {4},
  pages = {284},
  number = {6},
  month = jun,
  acmid = {366611},
  address = {New York, NY, USA},
  issn = {0001-0782},
  issue_date = {June 1961},
  publisher = {ACM}
}

@BOOK{Bell03DP,
  title = {{Dynamic Programming}},
  publisher = {Dover Publications, Incorporated},
  year = {2003},
  author = {Bellman, Richard Ernest},
  isbn = {0486428095}
}

@ARTICLE{doug73algo,
  author = {Douglas, David H and Peucker, Thomas K},
  title = {{Algorithms for the Reduction of the Number of Points Required to
	Represent a Digitized Line or Its Caricature}},
  journal = {Cartographica: The International Journal for Geographic Information
	and Geovisualization},
  year = {1973},
  volume = {10},
  pages = {112--122},
  number = {2},
  publisher = {UT Press}
}

@BOOK{forum2010improving,
  title = {Improving Reliability on Surface Transport Networks},
  publisher = {OECD Publishing},
  year = {2010},
  author = {Forum, I.T.},
  isbn = {9789282102428}
}

@BOOK{greaves08CVTD,
  title = {{Commercial Vehicle Tour Data Collection Using Passive GPS Technology:
	Issues and Potentioal Applications}},
  publisher = {Institute of Transport and Logistics Studies},
  year = {2008},
  author = {Greaves, S.P. and Figliozzi, M.A. and University of Sydney. Institute
	of Transport and Logistics Studies},
  series = {Working paper (University of Sydney. Institute of Transport and Logistics
	Studies)}
}

@TECHREPORT{AIS80,
  author = {{IEC Technical Committee 80}},
  title = {{ Maritime Navigation and Radiocommunication Equipment and Systems}},
  institution = {International Electrotechnical Commission (IEC)},
  year = {1980},
  owner = {I001817},
  timestamp = {2013.04.10}
}

@BOOK{klein06ad,
  title = {{Algorithm Design}},
  publisher = {Pearson Education},
  year = {2006},
  author = {Kleinberg, J. and Tardos, E.},
  isbn = {9788131703106}
}

@INCOLLECTION{Mera04EDBT,
  author = {Meratnia, Nirvana and By, RolfA.},
  title = {{Spatiotemporal Compression Techniques for Moving Point Objects}},
  booktitle = {Advances in Database Technology - EDBT 2004},
  publisher = {Springer Berlin Heidelberg},
  year = {2004},
  editor = {Bertino, Elisa and Christodoulakis, Stavros and Plexousakis, Dimitris
	and Christophides, Vassilis and Koubarakis, Manolis and BÃ¶hm, Klemens
	and Ferrari, Elena},
  volume = {2992},
  series = {Lecture Notes in Computer Science},
  pages = {765-782},
  isbn = {978-3-540-21200-3},
  owner = {I001817},
  timestamp = {2013.04.08}
}

@ARTICLE{Jonanthan09TRR,
  author = {Jonathan Muckell and Qing Cao and Patricia Mackezie and Daniel Messier
	and Joeseph Salvo},
  title = {{Toward an Intelligent Brokerage Platform}},
  journal = {Transportation Research Record: Journal of the Transportation Research
	Board},
  year = {2009},
  volume = {2097},
  pages = {1 -- 8},
  number = {1},
  month = {12},
  owner = {I001817},
  timestamp = {2013.04.08}
}

@ARTICLE{tim90ITEJ,
  author = {Timothy L. Nyerges},
  title = {{Locational Referencing and Highway Segmentation in a Geographic
	Information System}},
  journal = {ITE Journal},
  year = {1990},
  volume = {60},
  pages = {27--31},
  number = {3},
  owner = {I001817},
  timestamp = {2013.02.14}
}

@BOOK{ogilvy90excursions,
  title = {{Excursions in Geometry}},
  publisher = {Dover Publications, Incorporated},
  year = {1990},
  author = {Ogilvy, C.S.},
  series = {Dover Classics of Science and Mathematics},
  isbn = {9780486265308},
  lccn = {lc90042322}
}

@INPROCEEDINGS{pot06SSDM,
  author = {Potamias, M. and Patroumpas, K. and Sellis, T.},
  title = {{Sampling Trajectory Streams with Spatiotemporal Criteria}},
  booktitle = {Scientific and Statistical Database Management, 2006. 18th International
	Conference on},
  year = {2006},
  pages = {275-284},
  issn = {1551-6393},
  keywords = {data compression;query processing;temporal databases;visual databases;intelligent
	data compression schemes;query processing;single-pass approximation
	techniques;spatiotemporal data streams;trajectory stream sampling;Biodiversity;Costs;Databases;Informatics;Maintenance;Monitoring;Pattern
	matching;Robust stability;Sampling methods;Spatiotemporal phenomena}
}

@INCOLLECTION{schmid09ASTD,
  author = {Schmid, Falko and Richter, Kai-Florian and Laube, Patrick},
  title = {{Semantic Trajectory Compression}},
  booktitle = {Advances in Spatial and Temporal Databases},
  publisher = {Springer},
  year = {2009},
  pages = {411--416},
  owner = {I001817},
  timestamp = {2013.04.08}
}

@BOOK{wade94signal,
  title = {{Signal Coding and Processing}},
  publisher = {Cambridge University Press},
  year = {1994},
  author = {Wade, G.},
  isbn = {9780521423366},
  lccn = {lc93037133}
}

@ELECTRONIC{wpr12,
  year = {2012},
  title = {{World Port Rankings 2012}},
  organization = {American Association of Port Authorities},
  owner = {I001817},
  timestamp = {2013.04.10}
}

